<record><leader>00000cas a22000007a 4500</leader><controlfield tag="001">17964589</controlfield><controlfield tag="008">880517u1uuuuuuutxuwr ne      0    0eng d</controlfield><datafield ind1=" " ind2=" " tag="010"><subfield code="a">sn 88083512 </subfield></datafield><datafield ind1=" " ind2=" " tag="040"><subfield code="a">PPM</subfield><subfield code="b">eng</subfield><subfield code="c">PPM</subfield><subfield code="d">OCLCQ</subfield></datafield><datafield ind1=" " ind2=" " tag="042"><subfield code="a">msc</subfield></datafield><datafield ind1="0" ind2=" " tag="130"><subfield code="a">Weekly herald (Yoakum, Tex.)</subfield></datafield><datafield ind1="1" ind2="4" tag="245"><subfield code="a">The weekly herald.</subfield></datafield><datafield ind1=" " ind2=" " tag="260"><subfield code="a">Yoakum, Tex. :</subfield><subfield code="b">Cena S. Morgan</subfield></datafield><datafield ind1=" " ind2=" " tag="310"><subfield code="a">Weekly</subfield></datafield><datafield ind1=" " ind2=" " tag="588"><subfield code="a">Description based on: Vol. 32, no. (Jan. 3, 1929).</subfield></datafield><datafield ind1=" " ind2=" " tag="752"><subfield code="a">United States</subfield><subfield code="b">Texas</subfield><subfield code="c">Lavaca</subfield><subfield code="d">Yoakum.</subfield></datafield><datafield ind1="1" ind2=" " tag="029"><subfield code="a">AU@</subfield><subfield code="b">000025800943</subfield></datafield></record>